1346 2016
104 253 273 278 crastinum
293 251 418 278 crastino
438 250 493 277 die.

103 294 245 311 crumena
266 285 447 312 Geldbeutel.

103 328 170 344 cum
188 320 276 345 venia
295 319 350 345 No.
369 320 400 345 26
420 318 582 350 indulgens.

103 354 233 379 curialis
251 353 348 384 comis,
372 353 507 379 urbanus.

103 420 219 446 Dalida
239 420 344 446 Delila.

103 454 213 480 Danae
234 454 344 480 Danae.

103 488 190 513 Dare
209 489 374 514 concedere.

102 521 209 547 Davus
232 522 303 547 Geta
322 523 430 547 Birria
449 521 521 547 sewi
534 531 575 548 as·

138 555 190 581 tuti
210 555 313 582 veteris
332 555 507 581 comoediae.

101 588 283 615 debacchari
305 590 374 615 vino
393 599 428 615 ex
445 589 512 615 vino
531 599 575 615 va-

137 622 244 649 cillare.

101 656 236 682 debibere
253 657 379 683 bibendo
397 657 564 689 deperdere.

102 691 231 716 decanus
266 690 406 723 praesidis
443 690 574 722 vicarius,

135 734 162 749 v.
183 725 306 757 praesul.

102 758 212 784 Decius
229 758 310 784 Deus
329 757 389 784 ludi
409 758 512 785 talarii.

101 792 254 818 declinare
271 792 357 818 exire.

100 826 261 852 decretales
279 827 401 852 decreta.

101 859 237 885 dedz'tare
256 869 412 892 pauperem
432 861 532 886 facere.

101 893 281 926 degenerare
300 903 391 920 mores
411 901 532 920 mutare.

101 927 238 960 delegare
256 927 400 954 nunciare.

100 961 240 987 deludere
265 962 390 987 ludendo
410 962 576 995 deperdere.

101 995 256 1021 denudare
273 995 406 1028 spoliare.

100 1029 258 1060 depascere
276 1029 392 1055 nutrire.

101 1063 246 1094 deputare
286 1063 440 1095 disponere
476 1072 574 1095 specu-

135 1096 214 1122 landi
233 1106 328 1123 causa.

101 1131 213 1156 descire
232 1130 370 1156 oblivioni
390 1131 508 1156 tradere.

101 1165 192 1195 Deus,
207 1165 271 1190 Dea
285 1165 340 1190 No.
355 1165 378 1189 8.
395 1164 523 1196 intellige
539 1165 578 1190 vi-

135 1208 202 1224 num
221 1205 249 1225 et
269 1207 354 1230 aqua.

101 1232 269 1263 dictamine,
291 1234 321 1258 in
339 1232 366 1258 in
386 1232 548 1258 scribendo.

100 1266 240 1298 dionysia
259 1266 397 1293 convivia.

100 1300 246 1326 discretus
279 1300 427 1333 egregius,
459 1309 574 1326 venera-

134 1333 207 1361 bilis.

101 1368 202 1394 ditare
220 1367 337 1394 divitem
356 1368 457 1394 facere*

101 1402 205 1428 domus
223 1403 344 1435 lapidea
363 1411 502 1434 caupona.

100 1436 239 1467 douceur,
254 1439 319 1468 par
338 1445 353 1462 e
371 1436 521 1463 suavitate.

100 1503 218 1529 Electus
242 1503 390 1535 Coloniae,
416 1503 575 1530 Rainaldus

134 1537 369 1570 archiepiscopus
423 1537 573 1568 Coloniae,

135 1572 230 1597 fautor
241 1571 366 1597 auctoris
380 1581 465 1604 quem
476 1571 576 1597 dicunt

133 1605 339 1637 Archipoetam
369 1612 397 1631 et
427 1605 476 1638 qui
506 1605 576 1631 vixit

134 1649 157 1665 s.
173 1639 237 1664 XII.
256 1649 285 1672 p.
306 1639 374 1665 Chr.

99 1676 219 1699 eventus
238 1683 277 1699 sc.
297 1682 424 1706 prosper.

585 157 642 191 ¹15
695 168 738 172 —

650 252 791 277 exaltare
810 251 928 283 erigere.

651 286 778 311 exilium
797 285 957 317 angustiae.

650 327 689 344 ex
706 320 763 345 lmc
780 319 907 345 secundo
927 320 999 345 loco.

650 361 689 378 ex
707 362 764 385 quo
783 362 821 379 sc.
843 359 980 385 tempore.

650 386 838 419 exprobrare
856 386 967 413 crimini
987 387 1064 412 dare.

650 421 726 446 exul
741 420 835 452 miser,
857 429 954 452 egens.

650 488 772 513 Fallere
798 487 938 513 mendacii
959 497 1124 520 coarguere.

639 520 840 553 fantasmata
859 522 985 547 umbrae.

640 554 742 587 favus
760 555 894 587 placenta
913 555 1029 582 mellita.

640 588 762 620 feralis
780 589 836 620 leg.
858 598 909 620 pro
929 589 1042 616 serialis.

638 623 726 655 festa
758 622 818 648 dies
849 623 929 654 festi,
967 630 997 649 ut
1027 633 1125 649 versus

682 657 754 682 bene
777 656 915 688 procedat
937 657 998 683 dele
1019 659 1079 690 qui.

645 690 746 720 fidelis
765 690 933 716 commilito.

649 725 743 749 Flora
760 725 856 756 puella
873 724 937 750 aliis
950 724 1124 751 carminibus

681 758 834 784 celebrata.

641 792 780 823 florescit
797 801 848 824 pro
863 793 1016 819 florescunt
1029 793 1085 819 No.
1100 803 1120 821 1,

681 826 781 851 eadem
801 826 976 853 constructio
1002 827 1058 853 No.
1081 829 1121 857 28,

682 869 721 891 14,
745 868 784 891 15.

639 893 830 925 foecundare
861 894 1032 920 foecundum
1062 896 1121 920 red-

681 928 755 953 dere.

638 960 751 993 forum
769 962 954 993 Marktplatz.

614 1003 617 1005 ’
639 994 765 1027 fratres
779 997 920 1027 perversi
937 996 970 1021 fr.
991 996 1019 1021 in
1047 1005 1121 1022 erro>

680 1038 738 1054 rem
757 1028 876 1056 inducti.

638 1062 774 1094 fronesz's
788 1072 813 1095 p.
827 1072 867 1094 57,
882 1072 896 1095 3
907 1063 993 1089 Nom.
1003 1073 1100 1096 propr.
1111 1074 1119 1089 .-

682 1095 719 1128 (in
763 1098 883 1129 stropha
924 1097 1016 1123 minus
1059 1107 1120 1130 per-

681 1130 798 1162 spicua).

638 1163 841 1196 fructificare
859 1165 982 1191 fructum
994 1165 1121 1192 reddere.

636 1198 757 1230 futura
776 1208 820 1224 res
840 1198 961 1224 futurae.

635 1232 734 1264 suria
790 1232 909 1258 Veneris
962 1232 1119 1258 amantium

679 1265 813 1292 furtivum
833 1266 1043 1292 commercium.

647 1334 790 1360 Galateae
816 1335 928 1365 turris,
959 1334 993 1360 de
1019 1333 1067 1360 illa
1092 1335 1119 1360 in

679 1367 764 1398 libro,
792 1368 841 1400 qui
861 1375 902 1394 est
922 1369 957 1394 de
977 1368 1119 1400 Pamphili

679 1408 706 1428 et
753 1402 912 1428 Galatheae
963 1403 1117 1434 amoribus,

680 1435 785 1467 agitur.

639 1470 760 1502 gallina
778 1479 817 1495 sc.
838 1479 910 1495 assa.

639 1504 754 1536 gemini
770 1503 849 1529 sidus
862 1504 940 1535 quod
958 1511 1070 1531 vocant.

639 1538 777 1569 gloriari
794 1537 822 1562 in
841 1538 927 1570 alqm,
953 1547 984 1564 se
1003 1539 1118 1564 beatum

677 1571 843 1604 praedicare
863 1578 978 1604 propter
996 1572 1082 1604 alqm.

638 1606 799 1638 golz'ardus
817 1605 881 1631 Deo
905 1614 1043 1638 vagorum
1063 1606 1118 1632 Go-

678 1639 733 1665 liae
751 1639 887 1665 serviens.

639 1674 714 1705 gula
730 1673 872 1705 jugulum.
