<?xml version="1.0" encoding="UTF-8"?>
<!DOCTYPE html PUBLIC "-//W3C//DTD XHTML 1.0 Transitional//EN"
    "http://www.w3.org/TR/xhtml1/DTD/xhtml1-transitional.dtd">
<html xmlns="http://www.w3.org/1999/xhtml" xml:lang="en" lang="en">
 <head>
  <title>
</title>
<meta http-equiv="Content-Type" content="text/html;charset=utf-8" />
  <meta name='ocr-system' content='tesseract 3.04.00' />
  <meta name='ocr-capabilities' content='ocr_page ocr_carea ocr_par ocr_line ocrx_word'/>
</head>
<body>
  <div class='ocr_page' id='page_1' title='image "./carminaclericoru00domuuoft_0131.png"; bbox 0 0 1346 2016; ppageno 0'>
   <div class='ocr_carea' id='block_1_1' title="bbox 491 143 741 175">
    <p class='ocr_par' dir='ltr' id='par_1_1' title="bbox 491 143 741 175">
     <span class='ocr_line' id='line_1_1' title="bbox 491 143 741 175; baseline -0.008 -15"><span class='ocrx_word' id='word_1_1' title='bbox 491 143 741 175; x_wconf 68' lang='lat'>-119.„</span> 
     </span>
    </p>
   </div>
   <div class='ocr_carea' id='block_1_2' title="bbox 170 647 1063 709">
    <p class='ocr_par' dir='ltr' id='par_1_2' title="bbox 170 647 1063 709">
     <span class='ocr_line' id='line_1_2' title="bbox 170 647 1063 709; baseline 0 -14"><span class='ocrx_word' id='word_1_2' title='bbox 170 650 345 696; x_wconf 79' lang='lat' dir='ltr'>Errata</span> <span class='ocrx_word' id='word_1_3' title='bbox 383 659 431 695; x_wconf 80' lang='lat' dir='ltr'>et</span> <span class='ocrx_word' id='word_1_4' title='bbox 468 647 685 694; x_wconf 84' lang='lat' dir='ltr'>locorum</span> <span class='ocrx_word' id='word_1_5' title='bbox 724 659 1063 709; x_wconf 80' lang='lat' dir='ltr'>corruptorum</span> 
     </span>
    </p>
   </div>
   <div class='ocr_carea' id='block_1_3' title="bbox 104 724 1127 1219">
    <p class='ocr_par' dir='ltr' id='par_1_3' title="bbox 104 724 1127 1219">
     <span class='ocr_line' id='line_1_3' title="bbox 447 724 782 787; baseline -0.006 -14"><span class='ocrx_word' id='word_1_6' title='bbox 447 724 782 787; x_wconf 38' lang='lat' dir='ltr'>emendatio&amp;</span> 
     </span>
     <span class='ocr_line' id='line_1_4' title="bbox 197 896 1126 937; baseline 0.001 -10"><span class='ocrx_word' id='word_1_7' title='bbox 197 897 277 937; x_wconf 81' lang='lat' dir='ltr'>Pag.</span> <span class='ocrx_word' id='word_1_8' title='bbox 306 905 346 932; x_wconf 61' lang='lat'>2,</span> <span class='ocrx_word' id='word_1_9' title='bbox 388 905 428 927; x_wconf 90' lang='lat'>22</span> <span class='ocrx_word' id='word_1_10' title='bbox 466 899 486 930; x_wconf 88' lang='lat' dir='ltr'>l.</span> <span class='ocrx_word' id='word_1_11' title='bbox 521 898 676 929; x_wconf 76' lang='lat' dir='ltr'>laetitiae.</span> <span class='ocrx_word' id='word_1_12' title='bbox 712 913 754 917; x_wconf 90' lang='lat'>—-</span> <span class='ocrx_word' id='word_1_13' title='bbox 789 903 816 936; x_wconf 77' lang='lat'>5,</span> <span class='ocrx_word' id='word_1_14' title='bbox 854 896 892 926; x_wconf 85' lang='lat'>16</span> <span class='ocrx_word' id='word_1_15' title='bbox 926 896 986 928; x_wconf 74' lang='lat' dir='ltr'><em>del.</em></span> <span class='ocrx_word' id='word_1_16' title='bbox 1014 896 1056 928; x_wconf 85' lang='lat' dir='ltr'>in.</span> <span class='ocrx_word' id='word_1_17' title='bbox 1083 913 1126 917; x_wconf 91' lang='lat'>-—</span> 
     </span>
     <span class='ocr_line' id='line_1_5' title="bbox 106 953 1124 994; baseline 0.002 -11"><span class='ocrx_word' id='word_1_18' title='bbox 106 961 134 992; x_wconf 84' lang='lat'>7,</span> <span class='ocrx_word' id='word_1_19' title='bbox 170 961 213 992; x_wconf 89' lang='lat'>24</span> <span class='ocrx_word' id='word_1_20' title='bbox 243 954 263 983; x_wconf 91' lang='lat' dir='ltr'>l.</span> <span class='ocrx_word' id='word_1_21' title='bbox 287 954 343 994; x_wconf 87' lang='lat' dir='ltr'>qui</span> <span class='ocrx_word' id='word_1_22' title='bbox 369 959 428 984; x_wconf 72' lang='lat' dir='ltr'>tot.</span> <span class='ocrx_word' id='word_1_23' title='bbox 464 973 508 976; x_wconf 96' lang='lat'><strong>—</strong></span> <span class='ocrx_word' id='word_1_24' title='bbox 540 964 569 993; x_wconf 82' lang='lat'>9,</span> <span class='ocrx_word' id='word_1_25' title='bbox 605 962 623 983; x_wconf 90' lang='lat'>2</span> <span class='ocrx_word' id='word_1_26' title='bbox 657 954 680 984; x_wconf 83' lang='lat' dir='ltr'>l.</span> <span class='ocrx_word' id='word_1_27' title='bbox 708 958 888 983; x_wconf 77' lang='lat' dir='ltr'>contraeat.</span> <span class='ocrx_word' id='word_1_28' title='bbox 924 970 966 974; x_wconf 88' lang='lat'>——</span> <span class='ocrx_word' id='word_1_29' title='bbox 1000 961 1029 991; x_wconf 81' lang='lat'>9,</span> <span class='ocrx_word' id='word_1_30' title='bbox 1058 960 1076 991; x_wconf 97' lang='lat'>3</span> <span class='ocrx_word' id='word_1_31' title='bbox 1103 953 1124 985; x_wconf 90' lang='lat' dir='ltr'>l.</span> 
     </span>
     <span class='ocr_line' id='line_1_6' title="bbox 105 1009 1126 1051; baseline -0.002 -11"><span class='ocrx_word' id='word_1_32' title='bbox 105 1010 282 1051; x_wconf 81' lang='lat' dir='ltr'>pauperie,</span> <span class='ocrx_word' id='word_1_33' title='bbox 333 1010 375 1041; x_wconf 69' lang='lat' dir='ltr'>ib.</span> <span class='ocrx_word' id='word_1_34' title='bbox 432 1019 470 1048; x_wconf 80' lang='lat'>14</span> <span class='ocrx_word' id='word_1_35' title='bbox 518 1021 554 1041; x_wconf 79' lang='lat' dir='ltr'>os</span> <span class='ocrx_word' id='word_1_36' title='bbox 594 1016 660 1051; x_wconf 68' lang='lat' dir='ltr'>pro</span> <span class='ocrx_word' id='word_1_37' title='bbox 703 1010 855 1041; x_wconf 61' lang='lat' dir='ltr'>vultum.</span> <span class='ocrx_word' id='word_1_38' title='bbox 908 1009 938 1038; x_wconf 73' lang='lat' dir='ltr'>ib</span> <span class='ocrx_word' id='word_1_39' title='bbox 983 1017 1021 1038; x_wconf 90' lang='lat'>10</span> <span class='ocrx_word' id='word_1_40' title='bbox 1064 1009 1126 1039; x_wconf 76' lang='lat' dir='ltr'>His</span> 
     </span>
     <span class='ocr_line' id='line_1_7' title="bbox 104 1065 1127 1107; baseline 0 -11"><span class='ocrx_word' id='word_1_41' title='bbox 104 1065 233 1097; x_wconf 74' lang='lat' dir='ltr'>dicatis.</span> <span class='ocrx_word' id='word_1_42' title='bbox 268 1084 312 1089; x_wconf 90' lang='lat'><strong>—</strong></span> <span class='ocrx_word' id='word_1_43' title='bbox 349 1073 406 1107; x_wconf 78' lang='lat'>15,</span> <span class='ocrx_word' id='word_1_44' title='bbox 452 1075 468 1106; x_wconf 86' lang='lat'><em>7</em></span> <span class='ocrx_word' id='word_1_45' title='bbox 495 1066 648 1107; x_wconf 75' lang='lat' dir='ltr'>fortasse</span> <span class='ocrx_word' id='word_1_46' title='bbox 680 1066 781 1096; x_wconf 81' lang='lat' dir='ltr'>talem</span> <span class='ocrx_word' id='word_1_47' title='bbox 817 1065 873 1106; x_wconf 84' lang='lat' dir='ltr'>qui</span> <span class='ocrx_word' id='word_1_48' title='bbox 907 1065 1046 1106; x_wconf 77' lang='lat' dir='ltr'>potavit.</span> <span class='ocrx_word' id='word_1_49' title='bbox 1082 1083 1127 1087; x_wconf 90' lang='lat'>—</span> 
     </span>
     <span class='ocr_line' id='line_1_8' title="bbox 105 1121 1122 1162; baseline 0.001 -10"><span class='ocrx_word' id='word_1_50' title='bbox 105 1130 156 1160; x_wconf 80' lang='lat'>22,</span> <span class='ocrx_word' id='word_1_51' title='bbox 188 1121 226 1153; x_wconf 90' lang='lat'>18</span> <span class='ocrx_word' id='word_1_52' title='bbox 244 1121 333 1162; x_wconf 74' lang='lat' dir='ltr'>fort.</span> <span class='ocrx_word' id='word_1_53' title='bbox 354 1123 469 1153; x_wconf 80' lang='lat' dir='ltr'>bibent</span> <span class='ocrx_word' id='word_1_54' title='bbox 494 1129 525 1153; x_wconf 76' lang='lat' dir='ltr'>et</span> <span class='ocrx_word' id='word_1_55' title='bbox 550 1123 696 1154; x_wconf 87' lang='lat' dir='ltr'>amiculi.</span> <span class='ocrx_word' id='word_1_56' title='bbox 720 1140 758 1145; x_wconf 97' lang='lat'><strong>—</strong></span> <span class='ocrx_word' id='word_1_57' title='bbox 788 1131 839 1161; x_wconf 84' lang='lat'>24,</span> <span class='ocrx_word' id='word_1_58' title='bbox 871 1122 910 1152; x_wconf 89' lang='lat'>16</span> <span class='ocrx_word' id='word_1_59' title='bbox 936 1123 957 1155; x_wconf 87' lang='lat' dir='ltr'>l.</span> <span class='ocrx_word' id='word_1_60' title='bbox 979 1122 1122 1153; x_wconf 81' lang='lat' dir='ltr'>Bacche.</span> 
     </span>
     <span class='ocr_line' id='line_1_9' title="bbox 104 1179 1122 1219; baseline 0.001 -10"><span class='ocrx_word' id='word_1_61' title='bbox 104 1197 146 1200; x_wconf 97' lang='lat'><strong>—</strong></span> <span class='ocrx_word' id='word_1_62' title='bbox 173 1187 226 1218; x_wconf 87' lang='lat'>29,</span> <span class='ocrx_word' id='word_1_63' title='bbox 260 1179 299 1210; x_wconf 85' lang='lat'>16</span> <span class='ocrx_word' id='word_1_64' title='bbox 323 1180 346 1210; x_wconf 88' lang='lat' dir='ltr'>l.</span> <span class='ocrx_word' id='word_1_65' title='bbox 368 1185 513 1210; x_wconf 78' lang='lat' dir='ltr'>aeterno.</span> <span class='ocrx_word' id='word_1_66' title='bbox 543 1197 584 1201; x_wconf 81' lang='lat'>-—</span> <span class='ocrx_word' id='word_1_67' title='bbox 610 1187 662 1219; x_wconf 82' lang='lat'>32,</span> <span class='ocrx_word' id='word_1_68' title='bbox 690 1187 709 1209; x_wconf 90' lang='lat'><strong>2</strong></span> <span class='ocrx_word' id='word_1_69' title='bbox 728 1181 749 1209; x_wconf 80' lang='lat' dir='ltr'>l.</span> <span class='ocrx_word' id='word_1_70' title='bbox 772 1184 883 1209; x_wconf 77' lang='lat' dir='ltr'>ventre</span> <span class='ocrx_word' id='word_1_71' title='bbox 896 1183 962 1219; x_wconf 75' lang='lat' dir='ltr'>pro</span> <span class='ocrx_word' id='word_1_72' title='bbox 994 1179 1122 1210; x_wconf 75' lang='lat' dir='ltr'><em>Venere.</em></span> 
     </span>
    </p>
   </div>
   <div class='ocr_carea' id='block_1_4' title="bbox 103 1236 1126 1332">
    <p class='ocr_par' dir='ltr' id='par_1_4' title="bbox 103 1236 1126 1332">
     <span class='ocr_line' id='line_1_10' title="bbox 103 1236 1126 1276; baseline 0 -10"><span class='ocrx_word' id='word_1_73' title='bbox 103 1253 147 1257; x_wconf 97' lang='lat'><strong>—</strong></span> <span class='ocrx_word' id='word_1_74' title='bbox 178 1243 234 1275; x_wconf 80' lang='grc'>33,</span> <span class='ocrx_word' id='word_1_75' title='bbox 274 1243 324 1275; x_wconf 92' lang='lat'>13.</span> <span class='ocrx_word' id='word_1_76' title='bbox 358 1244 397 1275; x_wconf 90' lang='lat'>14</span> <span class='ocrx_word' id='word_1_77' title='bbox 429 1237 450 1265; x_wconf 84' lang='lat' dir='ltr'>l.</span> <span class='ocrx_word' id='word_1_78' title='bbox 479 1241 700 1276; x_wconf 84' lang='lat' dir='ltr'>reponuntur,</span> <span class='ocrx_word' id='word_1_79' title='bbox 735 1236 859 1266; x_wconf 81' lang='lat' dir='ltr'>Vinum</span> <span class='ocrx_word' id='word_1_80' title='bbox 884 1246 971 1276; x_wconf 85' lang='lat' dir='ltr'>aqua</span> <span class='ocrx_word' id='word_1_81' title='bbox 996 1240 1058 1269; x_wconf 81' lang='lat' dir='ltr'>etc.</span> <span class='ocrx_word' id='word_1_82' title='bbox 1084 1254 1126 1258; x_wconf 93' lang='lat'><strong>—</strong></span> 
     </span>
     <span class='ocr_line' id='line_1_11' title="bbox 105 1291 1122 1332; baseline 0.001 -11"><span class='ocrx_word' id='word_1_83' title='bbox 105 1291 157 1331; x_wconf 86' lang='lat'>36,</span> <span class='ocrx_word' id='word_1_84' title='bbox 194 1301 217 1330; x_wconf 91' lang='lat'>4</span> <span class='ocrx_word' id='word_1_85' title='bbox 241 1292 301 1323; x_wconf 79' lang='lat' dir='ltr'>del.</span> <span class='ocrx_word' id='word_1_86' title='bbox 334 1292 409 1324; x_wconf 84' lang='lat' dir='ltr'>Sed.</span> <span class='ocrx_word' id='word_1_87' title='bbox 431 1310 476 1314; x_wconf 98' lang='lat'><strong>—</strong></span> <span class='ocrx_word' id='word_1_88' title='bbox 501 1292 554 1331; x_wconf 78' lang='grc'>36,</span> <span class='ocrx_word' id='word_1_89' title='bbox 583 1298 599 1332; x_wconf 88' lang='lat'><strong>5</strong></span> <span class='ocrx_word' id='word_1_90' title='bbox 627 1293 649 1322; x_wconf 79' lang='lat' dir='ltr'>l.</span> <span class='ocrx_word' id='word_1_91' title='bbox 679 1292 850 1323; x_wconf 76' lang='lat' dir='ltr'>dissoluta.</span> <span class='ocrx_word' id='word_1_92' title='bbox 871 1310 922 1321; x_wconf 87' lang='lat'>.—</span> <span class='ocrx_word' id='word_1_93' title='bbox 947 1299 999 1331; x_wconf 82' lang='lat'>37,</span> <span class='ocrx_word' id='word_1_94' title='bbox 1033 1292 1071 1322; x_wconf 87' lang='lat'>16</span> <span class='ocrx_word' id='word_1_95' title='bbox 1101 1294 1122 1322; x_wconf 81' lang='lat' dir='ltr'>J.</span> 
     </span>
    </p>
   </div>
   <div class='ocr_carea' id='block_1_5' title="bbox 106 1369 310 1377">
    <p class='ocr_par' dir='ltr' id='par_1_5' title="bbox 106 1369 310 1377">
     <span class='ocr_line' id='line_1_12' title="bbox 106 1369 310 1377; baseline 0 0"><span class='ocrx_word' id='word_1_96' title='bbox 106 1369 310 1377; x_wconf 95' lang='lat' dir='ltr'> </span> 
     </span>
    </p>
   </div>
   <div class='ocr_carea' id='block_1_6' title="bbox 102 1424 1128 1633">
    <p class='ocr_par' dir='ltr' id='par_1_6' title="bbox 102 1424 1128 1633">
     <span class='ocr_line' id='line_1_13' title="bbox 171 1424 1128 1462; baseline 0 -10"><span class='ocrx_word' id='word_1_97' title='bbox 171 1424 191 1458; x_wconf 81' lang='lat'>⁸)</span> <span class='ocrx_word' id='word_1_98' title='bbox 211 1426 321 1462; x_wconf 74' lang='lat' dir='ltr'>Passim</span> <span class='ocrx_word' id='word_1_99' title='bbox 339 1427 395 1452; x_wconf 90' lang='lat' dir='ltr'>hoc</span> <span class='ocrx_word' id='word_1_100' title='bbox 413 1426 475 1452; x_wconf 89' lang='lat' dir='ltr'>loco</span> <span class='ocrx_word' id='word_1_101' title='bbox 496 1427 682 1458; x_wconf 84' lang='lat' dir='ltr'>conjecturae</span> <span class='ocrx_word' id='word_1_102' title='bbox 702 1425 845 1452; x_wconf 81' lang='lat' dir='ltr'>indicatae</span> <span class='ocrx_word' id='word_1_103' title='bbox 859 1432 925 1452; x_wconf 85' lang='lat' dir='ltr'><strong>sunt</strong></span> <span class='ocrx_word' id='word_1_104' title='bbox 937 1426 1011 1452; x_wconf 83' lang='lat' dir='ltr'>alius</span> <span class='ocrx_word' id='word_1_105' title='bbox 1024 1426 1128 1452; x_wconf 83' lang='lat' dir='ltr'>veteris</span> 
     </span>
     <span class='ocr_line' id='line_1_14' title="bbox 104 1470 1127 1504; baseline 0.002 -8"><span class='ocrx_word' id='word_1_106' title='bbox 104 1470 206 1496; x_wconf 84' lang='lat' dir='ltr'>domus</span> <span class='ocrx_word' id='word_1_107' title='bbox 241 1470 482 1504; x_wconf 21' lang='lat' dir='ltr'>evruditissimique</span> <span class='ocrx_word' id='word_1_108' title='bbox 512 1471 599 1498; x_wconf 83' lang='lat' dir='ltr'>vestri</span> <span class='ocrx_word' id='word_1_109' title='bbox 631 1471 767 1501; x_wconf 79' lang='lat' dir='ltr'>fautoris,</span> <span class='ocrx_word' id='word_1_110' title='bbox 814 1470 864 1503; x_wconf 85' lang='lat' dir='ltr'>qui</span> <span class='ocrx_word' id='word_1_111' title='bbox 893 1470 1016 1503; x_wconf 84' lang='lat' dir='ltr'>vestigia</span> <span class='ocrx_word' id='word_1_112' title='bbox 1046 1471 1127 1498; x_wconf 85' lang='lat' dir='ltr'>istius</span> 
     </span>
     <span class='ocr_line' id='line_1_15' title="bbox 102 1515 1128 1542; baseline 0.001 -1"><span class='ocrx_word' id='word_1_113' title='bbox 102 1515 167 1542; x_wconf 88' lang='lat' dir='ltr'>libri</span> <span class='ocrx_word' id='word_1_114' title='bbox 205 1522 320 1542; x_wconf 81' lang='lat' dir='ltr'>secutus</span> <span class='ocrx_word' id='word_1_115' title='bbox 345 1525 449 1542; x_wconf 85' lang='lat' dir='ltr'>novam</span> <span class='ocrx_word' id='word_1_116' title='bbox 475 1522 503 1542; x_wconf 84' lang='lat' dir='ltr'>et</span> <span class='ocrx_word' id='word_1_117' title='bbox 529 1515 760 1542; x_wconf 83' lang='lat' dir='ltr'>amoenissimam</span> <span class='ocrx_word' id='word_1_118' title='bbox 784 1516 941 1542; x_wconf 84' lang='lat' dir='ltr'>carminum</span> <span class='ocrx_word' id='word_1_119' title='bbox 961 1516 1128 1542; x_wconf 85' lang='lat' dir='ltr'>clericorum</span> 
     </span>
     <span class='ocr_line' id='line_1_16' title="bbox 104 1560 1127 1594; baseline 0.001 -8"><span class='ocrx_word' id='word_1_120' title='bbox 104 1560 303 1587; x_wconf 83' lang='lat' dir='ltr'>collectionem</span> <span class='ocrx_word' id='word_1_121' title='bbox 331 1570 423 1594; x_wconf 88' lang='lat' dir='ltr'>nuper</span> <span class='ocrx_word' id='word_1_122' title='bbox 453 1560 543 1587; x_wconf 79' lang='lat' dir='ltr'>edidit</span> <span class='ocrx_word' id='word_1_123' title='bbox 575 1568 604 1587; x_wconf 84' lang='lat' dir='ltr'>et</span> <span class='ocrx_word' id='word_1_124' title='bbox 629 1561 707 1586; x_wconf 87' lang='lat' dir='ltr'>haud</span> <span class='ocrx_word' id='word_1_125' title='bbox 726 1560 812 1587; x_wconf 87' lang='lat' dir='ltr'>dubie</span> <span class='ocrx_word' id='word_1_126' title='bbox 830 1561 928 1587; x_wconf 89' lang='lat' dir='ltr'>vinum</span> <span class='ocrx_word' id='word_1_127' title='bbox 950 1570 1006 1587; x_wconf 89' lang='lat' dir='ltr'>non</span> <span class='ocrx_word' id='word_1_128' title='bbox 1036 1561 1127 1587; x_wconf 83' lang='lat' dir='ltr'>solum</span> 
     </span>
     <span class='ocr_line' id='line_1_17' title="bbox 104 1605 1126 1633; baseline 0.001 -2"><span class='ocrx_word' id='word_1_129' title='bbox 104 1605 171 1631; x_wconf 85' lang='lat' dir='ltr'>emit</span> <span class='ocrx_word' id='word_1_130' title='bbox 190 1605 240 1631; x_wconf 83' lang='lat' dir='ltr'>sed</span> <span class='ocrx_word' id='word_1_131' title='bbox 260 1605 347 1632; x_wconf 85' lang='lat' dir='ltr'>etiam</span> <span class='ocrx_word' id='word_1_132' title='bbox 365 1605 439 1632; x_wconf 87' lang='lat' dir='ltr'>bibit</span> <span class='ocrx_word' id='word_1_133' title='bbox 457 1613 484 1632; x_wconf 86' lang='lat' dir='ltr'>et</span> <span class='ocrx_word' id='word_1_134' title='bbox 503 1606 600 1632; x_wconf 84' lang='lat' dir='ltr'>multis</span> <span class='ocrx_word' id='word_1_135' title='bbox 619 1606 646 1632; x_wconf 73' lang='lat' dir='ltr'>in</span> <span class='ocrx_word' id='word_1_136' title='bbox 668 1605 739 1632; x_wconf 86' lang='lat' dir='ltr'>locis</span> <span class='ocrx_word' id='word_1_137' title='bbox 759 1615 853 1632; x_wconf 84' lang='lat' dir='ltr'>veram</span> <span class='ocrx_word' id='word_1_138' title='bbox 873 1605 1026 1632; x_wconf 80' lang='lat' dir='ltr'>lectionem</span> <span class='ocrx_word' id='word_1_139' title='bbox 1046 1616 1080 1632; x_wconf 78' lang='lat' dir='ltr'>ex</span> <span class='ocrx_word' id='word_1_140' title='bbox 1093 1616 1126 1633; x_wconf 81' lang='lat' dir='ltr'>eo</span> 
     </span>
    </p>
   </div>
   <div class='ocr_carea' id='block_1_7' title="bbox 103 1650 311 1677">
    <p class='ocr_par' dir='ltr' id='par_1_7' title="bbox 103 1650 311 1677">
     <span class='ocr_line' id='line_1_18' title="bbox 103 1650 311 1677; baseline 0.005 -1"><span class='ocrx_word' id='word_1_141' title='bbox 103 1650 218 1676; x_wconf 84' lang='lat' dir='ltr'>haurire</span> <span class='ocrx_word' id='word_1_142' title='bbox 237 1650 311 1677; x_wconf 86' lang='lat' dir='ltr'>sciit.</span> 
     </span>
    </p>
   </div>
  </div>
 </body>
</html>
