1346 2016
570 135 820 158 —120—

184 216 412 249 secretissima.
435 233 480 239 —
507 223 561 256 39,
592 224 630 258 15
656 218 678 248 l.
707 218 848 250 adversi.
875 235 920 240 —
943 227 998 258 44,
1019 227 1062 257 14
1077 219 1100 253 Ι.
1117 223 1204 252 exta.
1269 237 1274 239 Δ
1324 224 1325 233 ’

183 289 228 295 --
252 281 307 312 44,
339 280 378 312 17
403 272 498 303 Haec
521 273 658 313 stropha
683 273 718 303 in
744 274 823 304 aliis
847 274 902 308 lib.
927 285 987 307 ms.
1005 274 1052 305 sic
1065 273 1206 315 fertur:

524 351 614 377 Potus
633 357 699 377 tuus
716 350 836 383 pestifer

526 395 575 421 Est
597 401 626 422 et
643 402 809 427 venenatus,

525 440 590 467 Nisi
609 439 645 466 sit
663 440 834 474 prophetico

524 484 590 511 Sale
610 486 784 512 dulcoratus.

524 530 555 556 In
576 539 620 556 me
639 537 670 557 tu
689 530 844 557 vilissimus

524 575 611 602 Pctus
630 585 660 602 es
678 582 804 603 mutatus
823 582 876 603 etc.

183 643 237 683 46,
274 651 287 674 1
325 644 346 676 l.
373 643 500 675 Vitium
536 644 696 678 luxuriae.
729 661 772 666 —
805 645 859 683 46,
888 650 905 684 7
931 645 954 677 l.
987 645 1125 686 patrius.
1163 661 1208 667 -—

183 699 238 738 48,
266 707 307 738 14
332 710 415 732 reos.
440 717 485 721 —
509 708 563 739 49,
594 699 633 730 16
657 710 735 731 mox
749 705 816 741 pro
832 701 945 732 calix)
972 718 1015 722 —
1043 708 1097 743 50,
1123 709 1164 742 23
1185 702 1207 735 l.

185 756 351 788 omnibus.
378 772 424 777 ——-
449 763 504 797 53,
533 763 552 794 3
579 756 602 786 l.
632 765 770 788 amores.
795 776 825 780 —
853 763 908 797 55,
933 764 970 798 15
989 758 1010 789 l.
1027 756 1144 789 aerios.
1163 775 1208 781 —

184 811 236 852 56,
274 820 316 842 22
341 812 365 843 l.
393 811 502 843 vellet.
527 829 572 834 —-
603 817 656 852 57,
701 820 739 852 13
765 813 787 845 l.
813 811 939 853 objicis.
963 830 1009 836 —-
1035 820 1089 854 57,Ι
1121 820 1159 855 15
1185 815 1208 846 l.

184 879 295 909 quam.
320 885 365 890 --
390 867 443 908 58,
470 876 489 898 2
514 869 538 899 l.
568 867 661 908 Majo
687 869 782 901 dena.
810 886 851 891 —-
879 876 931 910 59,
960 877 979 910 3
1006 871 1028 903 Ι.
1045 870 1146 904 solus.
1163 887 1208 893 -—

184 925 238 964 64,
276 932 317 968 '11
353 926 374 956 l.
408 925 489 955 levis
514 930 580 965 pro
612 925 705 958 cinis.
728 942 774 950 -——
800 933 853 966 73,
887 926 908 957 8
934 926 954 956 Ι.
984 918 1140 960 Traham.
1164 944 1208 950 -·

185 980 237 1021 76,
269 989 309 1012 10
332 982 354 1014 l.
380 981 424 1011 mi
442 980 625 1022 incognita.
643 999 685 1003 —
712 988 766 1021 77,
793 981 814 1013 8
840 983 862 1016 l.
887 983 932 1015 Ut
948 987 1015 1024 pro
1039 984 1143 1016 velut.
1163 1001 1210 1006 —

186 1037 238 1077 78,
265 1045 282 1079 5
308 1039 333 1069 l.
360 1037 494 1068 fletibus
510 1043 576 1079 pro
600 1038 747 1072 floribus,
770 1057 817 1063 —

250 1645 388 1667 Pierer'sche
404 1645 643 1668 Horbuchdruckerei.
672 1647 776 1673 Stephan
792 1647 872 1668 Geibel
887 1647 904 1668 ά
919 1646 957 1668 00.
973 1648 997 1668 in
1013 1647 1149 1674 Altenburg.

971 1738 1001 1750 ..Ὗ
