1346 2016
424 586 747 633 INDEX.

569 778 591 803 Ι,

1025 820 1091 844 pag.

95 859 119 890 1)
137 859 167 884 In
186 858 301 884 laudem
320 858 412 884 almae
431 858 528 885 matris
565 877 1020 883 ...........
1080 866 1091 881 1

566 947 599 974 11.

325 1005 541 1036 CARBHNA
565 1004 847 1036 POTATORIA.

94 1073 120 1104 2)
140 1072 211 1099 Dies
229 1071 410 1098 academicus
431 1091 1024 1098 ..............
1079 1081 1093 1103 3

94 1119 120 1150 3)
139 1117 218 1144 Ordo
237 1117 383 1149 Vagorum
428 1134 1020 1143 ..............
1075 1125 1089 1148 5

94 1164 120 1195 4)
138 1162 171 1189 In
188 1163 325 1187 honorem
343 1162 465 1194 hospitis
474 1182 1021 1188 .............
1062 1170 1093 1186 ιο

93 1208 120 1241 5)
138 1208 200 1234 Ave
218 1207 315 1233 vinum
337 1226 1022 1233 ................
1062 1215 1092 1238 13

93 1253 119 1285 6)
138 1253 169 1278 In
188 1251 301 1277 laudem
318 1250 378 1277 vini
427 1269 1022 1279 ..............
1063 1261 1092 1282 15

93 1297 117 1330 7)
140 1297 286 1324 potatores
303 1297 437 1330 exquisiti
477 1315 1022 1323 .............
1063 1305 1093 1328 17

94 1344 120 1374 8)
137 1343 244 1369 Vinum
261 1342 298 1368 sit
314 1351 418 1375 purum
473 1362 1022 1369 .............
1064 1351 1093 1372 19

93 1390 120 1421 9)
139 1387 206 1413 Vini
224 1387 344 1423 virtutes
383 1407 1022 1415 ...............
1062 1396 1094 1412 20

79 1432 120 1465 10)
140 1433 293 1459 Canticum
309 1433 484 1465 potatorium
522 1453 1023 1460 ............
1062 1442 1091 1457 21
1109 1425 1112 1428 ⁴

80 1479 120 1511 11)
139 1478 171 1505 In
190 1478 305 1505 laudem
322 1478 428 1505 Bacchi
475 1497 1022 1505 .............
1062 1488 1093 1503 22

80 1523 122 1554 12)
142 1524 216 1550 Sunt
233 1524 340 1550 multae
359 1533 462 1550 causae
480 1524 597 1550 bibendi
653 1543 1022 1551 .........
1062 1525 1094 1548 26

80 1570 121 1600 13)
141 1569 239 1595 Meum
257 1576 299 1595 est
316 1570 500 1603 propositum
521 1589 1022 1596 ............
1062 1579 1093 1601 29

79 1614 121 1646 14)
139 1615 244 1641 Plenus
260 1621 359 1641 venter
385 1636 1022 1642 ...............
1061 1624 1090 1646 31

79 1661 120 1693 15)
142 1661 301 1689 conflictus
318 1663 377 1689 vini
395 1669 424 1690 et
442 1672 534 1696 aquae
566 1681 1022 1688 ...........
1062 1671 1093 1693 33

80 1709 121 1742 16)
140 1708 224 1736 Actio
240 1709 300 1736 vini
318 1716 346 1736 et
364 1719 458 1743 aquae
479 1729 933 1736 ...........
973 1725 978 1732 2
1020 1728 1023 1733 .
1063 1716 1094 1740 37
