1346 2016
81 258 195 291 placite
214 257 277 289 lege
299 255 423 288 placide.

84 292 194 324 planta
214 290 310 316 Sohle.

85 325 214 357 planum
233 325 333 350 solum.

84 359 171 391 plene
179 366 238 384 sczo
249 358 405 388 N0.28,17
416 356 484 383 satis
495 356 564 382 scio.

84 393 205 425 poetria
224 401 270 418 ars
289 391 411 424 poetica.

87 427 243 459 portztare
269 431 418 451 oneratum
437 433 498 450 esse
516 423 565 449 ali-

125 468 182 492 qua
201 469 238 486 te.

87 494 283 526 praeconium
302 492 371 518 laus.

88 528 214 560 praeire
235 534 381 559 superare.

87 560 265 593 praelibare
283 565 408 597 gustare.

88 595 263 627 praesignis
281 592 389 619 hilaris

87 631 288 661 praestarep.
302 628 341 658 18,
353 635 417 659 9sc.
429 626 568 659 potando.

86 665 214 695 praeter
237 671 264 694 p.
287 670 309 692 7,
339 662 369 685 16
394 665 568 686 commutan-

127 696 195 721 dum
215 704 279 721 eum
297 695 337 720 nz’.

89 730 219 768 praesul
251 737 383 761 praeses,
423 727 566 759 magister,

128 762 291 796 episcopus.

88 797 246 830 presbyter
263 795 406 822 sacerdos.

90 831 244 863 przncz‘pes
261 830 470 856 ecclessimmn
498 828 570 860 epis-

129 864 194 897 copi
213 871 242 889 et
259 862 445 890 ecclesiastici
463 862 570 894 superi-

131 907 188 924 ons
207 897 366 929 dignitatis.

91 935 262 964 procurare
281 930 394 957 servire.

93 966 238 998 prodtgus
257 971 450 997 sumptuosus.

93 1000 341 1031 promptuarium
355 998 428 1024 cella
441 998 570 1030 penaria.

91 1035 209 1065 pruina
237 1033 300 1058 loca
320 1032 425 1064 frigida
442 1033 487 1058 vel
506 1041 570 1058 cau·

130 1076 217 1100 pona.

92 1101 252 1133 pullulare
269 1100 443 1126 satisfacere.

98 1168 291 1200 Redarguere
308 1168 343 1194 de
361 1176 505 1193 accusare.

97 1203 244 1228 redimire
262 1211 408 1233 coronare,
429 1210 540 1234 parare.

98 1236 232 1262 redolere
249 1235 346 1261 videre
366 1236 469 1261 facere.

98 1273 244 1308 regestum
273 1269 345 1296 liber
363 1268 575 1295 commentariis

132 1309 295 1330 instructus.

97 1345 192 1370 regna
206 1338 348 1369 polorum
366 1336 480 1370 piorum
493 1337 576 1363 sedes

133 1380 167 1397 ac
186 1371 276 1397 locus.

98 1405 221 1438 regulus
250 1413 366 1438 serpens
398 1413 501 1437 parvus
532 1403 577 1430 vel

132 1438 263 1465 Basilisk.

98 1472 263 1505 reprobare
289 1471 404 1498 omnino
429 1480 485 1497 non
511 1480 574 1504 pro-

135 1507 212 1532 bare.

100 1540 243 1572 reprobus
260 1539 399 1573 perditus.

100 1583 238 1600 reserare
256 1581 409 1611 exponere.

99 1609 272 1640 resipiscere
285 1606 411 1633 moribus
421 1605 578 1632 moderatis

136 1648 187 1668 utl-

100 1684 182 1701 rzma
201 1684 310 1701 cavum.

571 172 630 204 117

635 255 709 280 Rosa
730 261 833 279 nomen
853 251 974 284 puellae.

635 297 705 314 rosa
725 295 797 317 rosa,
819 285 951 318 pretium.

636 330 788 351 rosarzus,
817 329 843 345 n.
867 319 965 344 vinum
985 318 1109 349 rubrum,

670 365 704 382 rn.
724 354 774 387 qui
793 353 822 379 id
840 352 924 379 bibit.

637 398 721 415 rosea
740 388 838 414 vinum
856 387 982 412 rubrum.

638 473 738 499 Sacct's
750 472 874 498 induere
885 470 1017 496 omnibus
1030 469 1114 495 bonis

672 513 806 532 evertere.

637 541 798 571 saeculum,

673 574 772 600 nitum.

638 608 774 633 salutare
792 607 912 639 alloqui.

637 645 742 674 sapere
761 641 841 667 scire.

638 679 716 701 secta
735 685 752 701 a
770 675 860 707 sequi.

638 718 761 735 securus
779 709 883 734 salvus.

639 752 720 769 secus
738 742 828 773 aliter,
850 741 945 769 etiam.

640 778 815 803 semz'vz'vere
834 786 869 802 ex
896 775 1016 801 dimidia
1034 781 1115 807 parte

675 811 758 843 quasi
778 817 889 837 tantum
906 809 1011 835 vivere.

639 854 709 870 sera
730 844 841 876 Riegel.

640 887 736 905 sermo
757 879 829 904 levis
849 887 869 904 5.
890 876 1021 902 lascivus.

640 914 787 938 serotinus
805 911 996 949 vespertinus.

640 947 818 978 sophisticus
837 944 953 971 inutilis.

641 989 757 1006 sorores
783 989 882 1005 vanae
911 979 1030 1004 fortasse
1060 977 1115 1008 leg.

675 1023 696 1040 5.
711 1013 847 1039 urbanis?

640 1051 750 1073 sortem
778 1048 894 1072 mzttere
915 1048 974 1078 pro
1002 1045 1119 1070 Bacclzo

676 1081 805 1108 certatim
825 1080 932 1106 bibere.

640 1116 748 1147 species
769 1115 825 1141 No.
848 1115 887 1139 16.
907 1113 1013 1145 imago.

641 1152 763 1187 spons-up·
786 1158 814 1181 p.
836 1150 868 1180 46
888 1157 947 1180 seq·
965 1147 1015 1173 cfr.
1037 1148 1120 1174 Cant.

677 1189 812 1209 canticor.
834 1192 856 1213 1,
878 1191 902 1208 2.

644 1217 757 1242 Stilbon
774 1215 942 1242 Mercurius.

641 1254 774 1276 stratum
793 1250 892 1275 lectus.

643 1284 780 1310 subditus
789 1282 1118 1314 devotus,abseonditus‚

679 1317 806 1344 inferior.

643 1352 834 1385 nstra-giam
852 1351 1000 1377 auxilium.

645 1387 713 1411 suln
731 1386 876 1412 debemus.

645 1421 804 1451 suspirare
822 1428 841 1444 a
860 1419 1024 1451 dzspendizs
1041 1419 1124 1444 lucri

680 1454 715 1479 de
735 1452 833 1486 inopia
851 1453 1014 1485 argentaria
1033 1452 1123 1485 queri.

821 541 851 565 in
871 539 898 565 in
920 545 1033 571 tempus
1051 537 1110 562 infi-

651 1538 789 1564 Taberna
809 1546 951 1570 caupona.

647 1572 814 1598 tabernalis
867 1571 903 1596 ad

681 1612 823 1639 spectans.

646 1641 705 1665 tali
729 1640 807 1665 dicto
834 1638 929 1664 locum
955 1645 1034 1664 tenet
1058 1638 1121 1664 hos-

681 1673 749 1707 pitis
767 1672 900 1698 nominis.

960 1579 1123 1603 cauponam
